
@book{DBLP:books/daglib/0013521,
  title     = {Domain-driven design - tackling complexity in the heart of software},
  author    = {Eric Evans},
  publisher = {Addison-Wesley},
  year      = {2004},
  isbn      = {978-0-321-12521-7},
  timestamp = {Wed, 19 Jun 2019 01:00:00 +0200},
  biburl    = {https://dblp.org/rec/books/daglib/0013521.bib},
  bibsource = {dblp computer science bibliography, https://dblp.org}
}

@book{millett2015patterns,
  title={Patterns, principles, and practices of domain-driven design},
  author={Millett, Scott and Tune, Nick},
  year={2015},
  publisher={John Wiley \& Sons}
}

@book{nadareishvili2016microservice,
  title={Microservice architecture: aligning principles, practices, and culture},
  author={Nadareishvili, Irakli and Mitra, Ronnie and McLarty, Matt and Amundsen, Mike},
  year={2016},
  publisher={O'Reilly Media, Inc.}
}

@book{vernon2013implementing,
  title={Implementing domain-driven design},
  author={Vernon, Vaughn},
  year={2013},
  publisher={Addison-Wesley}
}

@inproceedings{emerson2006techniques,
  title={Techniques for metamodel composition},
  author={Emerson, Matthew and Sztipanovits, Janos},
  booktitle={OOPSLA--6th Workshop on Domain Specific Modeling},
  pages={123--139},
  year={2006}
}


@inproceedings{rademacher2017towards,
  title={Towards a uml profile for domain-driven design of microservice architectures},
  author={Rademacher, Florian and Sachweh, Sabine and Z{\"u}ndorf, Albert},
  booktitle={International Conference on Software Engineering and Formal Methods},
  pages={230--245},
  year={2017},
  organization={Springer}
}

@inproceedings{DBLP:conf/icsa/MersonY20,
  author    = {Paulo Merson and
               Joseph W. Yoder},
  title     = {Modeling Microservices with {DDD}},
  booktitle = {2020 {IEEE} International Conference on Software Architecture Companion,
               {ICSA} Companion 2020, Salvador, Brazil, March 16-20, 2020},
  pages     = {7--8},
  publisher = {{IEEE}},
  year      = {2020},
  biburl    = {https://dblp.org/rec/conf/icsa/MersonY20.bib},
  bibsource = {dblp computer science bibliography, https://dblp.org}
}

@article{brandolini2013introducing,
  title={Introducing event storming},
  author={Brandolini, Alberto},
  journal={Available at: goo. gl/GMzzDv [Last accessed: 8 July 2017]},
  year={2013}
}

@article{diepenbrock2017ontology,
  title={An ontology-based approach for domain-driven design of microservice architectures},
  author={Diepenbrock, Andreas and Rademacher, Florian and Sachweh, Sabine},
  journal={INFORMATIK 2017},
  year={2017},
  publisher={Gesellschaft f{\"u}r Informatik, Bonn}
}

@inproceedings{kuhlwein2019firmware,
  title={Firmware Synthesis for Ultra-Thin IoT Devices Based on Model Integration},
  author={K{\"u}hlwein, Arthur and Paule, Anton and Hielscher, Leon and Rosenstiel, Wolfgang and Bringmann, Oliver},
  booktitle={2019 ACM/IEEE 22nd International Conference on Model Driven Engineering Languages and Systems Companion (MODELS-C)},
  pages={339--346},
  year={2019},
  organization={IEEE}
}

@inproceedings{jumagaliyev2019modelling,
  title={A Modelling Language to Support the Evolution of Multi-Tenant Cloud Data Architectures},
  author={Jumagaliyev, Assylbek and Elkhatib, Yehia},
  booktitle={2019 ACM/IEEE 22nd International Conference on Model Driven Engineering Languages and Systems (MODELS)},
  pages={139--149},
  year={2019},
  organization={IEEE}
}

@inproceedings{guerriero2018streamgen,
  title={Streamgen: a UML-based tool for developing streaming applications},
  author={Guerriero, Michele and Nesta, Alessandro and Di Nitto, Elisabetta},
  booktitle={Proceedings of the 10th International Workshop on Modelling in Software Engineering},
  pages={57--58},
  year={2018}
}

@article{smith2003ontology,
  title={Ontology},
  author={Smith, Barry},
  year={2003}
}

@incollection{frank2013domain,
  title={Domain-specific modeling languages: requirements analysis and design guidelines},
  author={Frank, Ulrich},
  booktitle={Domain engineering},
  pages={133--157},
  year={2013},
  publisher={Springer}
}

@article{kolovos2010epsilon,
  title={The epsilon book},
  author={Kolovos, Dimitrios and Rose, Louis and Paige, Richard and Garc{\i}a-Dom{\i}nguez, Antonio},
  journal={Structure},
  volume={178},
  pages={1--10},
  year={2010}
}


@article{hippchen2019systematic,
  title={Systematic Application of Domain-Driven Design for a Business-Driven Microservice Architecture},
  author={Hippchen, Benjamin and Schneider, Michael and Giessler, Pascal and Abeck, Sebastian},
  journal={International Journal on Advances in Software},
  volume          = {12},
  number          = {3--4},
  year={2019}
}

@inproceedings{wu2018workflow,
  title={A workflow for healthcare systems via OCL and SMT solving: short paper},
  author={Wu, Hao and Hinsberger, Laure and Timoney, Joseph},
  booktitle={Proceedings of the International Workshop on Software Engineering in Healthcare Systems},
  pages={42--45},
  year={2018}
}

@inproceedings{kolovos2010taming,
  title={Taming EMF and GMF using model transformation},
  author={Kolovos, Dimitrios S and Rose, Louis M and Abid, Saad Bin and Paige, Richard F and Polack, Fiona AC and Botterweck, Goetz},
  booktitle={International Conference on Model Driven Engineering Languages and Systems},
  pages={211--225},
  year={2010},
  organization={Springer}
}

@phdthesis{刘辉2008元建模技术研究进展,
  title={元建模技术研究进展},
  author={刘辉 and 麻志毅 and 邵维忠},
  year={2008},
  school={Citeseer}
}

@article{le2018domain,
  title={On domain driven design using annotation-based domain specific language},
  author={Le, Duc Minh and Dang, Duc-Hanh and Nguyen, Viet-Ha},
  journal={Computer Languages, Systems \& Structures},
  volume={54},
  pages={199--235},
  year={2018},
  publisher={Elsevier}
}

@inproceedings{kapferer2020domain,
  title={Domain-specific Language and Tools for Strategic Domain-driven Design, Context Mapping and Bounded Context Modeling.},
  author={Kapferer, Stefan and Zimmermann, Olaf},
  booktitle={MODELSWARD},
  pages={299--306},
  year={2020}
}

@inproceedings{la2019towards,
  title={Towards platform specific energy estimation for executable domain-specific modeling languages},
  author={La Fosse, Thibault B{\'e}ziers and Tisi, Massimo and Bousse, Erwan and Mottu, Jean-Marie and Suny{\'e}, Gerson},
  booktitle={2019 ACM/IEEE 22nd International Conference on Model Driven Engineering Languages and Systems Companion (MODELS-C)},
  pages={314--317},
  year={2019},
  organization={IEEE}
}

@article{segura2019extremo,
  title={Extremo: An Eclipse plugin for modelling and meta-modelling assistance},
  author={Segura, {\'A}ngel Mora and de Lara, Juan},
  journal={Science of Computer Programming},
  volume={180},
  pages={71--80},
  year={2019},
  publisher={Elsevier}
}

@book{coad1991object,
  title={Object-oriented analysis},
  author={Coad, Peter and Yourdon, Edward and Coad, Peter},
  volume={2},
  year={1991},
  publisher={Yourdon press Englewood Cliffs, NJ}
}

@incollection{jacobson1995use,
  title={The use-case construct in object-oriented software engineering},
  author={Jacobson, Ivar},
  booktitle={Scenario-based design: envisioning work and technology in system development},
  pages={309--336},
  year={1995}
}

@inproceedings{bialecki2012apache,
  title={Apache lucene 4},
  author={Bia{\l}ecki, Andrzej and Muir, Robert and Ingersoll, Grant and Imagination, Lucid},
  booktitle={SIGIR 2012 workshop on open source information retrieval},
  pages={17},
  year={2012}
}

@article{kardas2018domain,
  title={Domain-specific modelling language for belief--desire--intention software agents},
  author={Kardas, Geylani and Tezel, Baris Tekin and Challenger, Moharram},
  journal={IET Software},
  volume={12},
  number={4},
  pages={356--364},
  year={2018},
  publisher={IET}
}

@article{jesson2011doing,
  title={Doing your literature review: Traditional and systematic techniques},
  author={Jesson, Jill and Matheson, Lydia and Lacey, Fiona M},
  year={2011},
  publisher={Sage}
}

@article{sobernig2016extracting,
  title={Extracting reusable design decisions for UML-based domain-specific languages: A multi-method study},
  author={Sobernig, Stefan and Hoisl, Bernhard and Strembeck, Mark},
  journal={Journal of Systems and Software},
  volume={113},
  pages={140--172},
  year={2016},
  publisher={Elsevier}
}

@article{specification2007omg,
  title={Omg unified modeling language (omg uml), superstructure, v2. 1.2},
  author={Specification, OMG Available},
  journal={Object Management Group},
  volume={70},
  year={2007}
}

@article{bezivin2004search,
  title={In search of a basic principle for model driven engineering},
  author={B{\'e}zivin, Jean},
  journal={Novatica Journal, Special Issue},
  volume={5},
  number={2},
  pages={21--24},
  year={2004},
  publisher={Citeseer}
}

@phdthesis{王文玲1999uml,
  title={UML 模型及其应用},
  author={王文玲 and 金茂忠},
  year={1999}
}

@inproceedings{pahl2016microservices,
  title={Microservices: A Systematic Mapping Study.},
  author={Pahl, Claus and Jamshidi, Pooyan},
  booktitle={CLOSER (1)},
  pages={137--146},
  year={2016}
}

@article{soley2000model,
  title={Model driven architecture},
  author={Soley, Richard and others},
  journal={OMG white paper},
  volume={308},
  number={308},
  pages={5},
  year={2000}
}

@inproceedings{cabot2012object,
  title={Object constraint language (OCL): a definitive guide},
  author={Cabot, Jordi and Gogolla, Martin},
  booktitle={International school on formal methods for the design of computer, communication and software systems},
  pages={58--90},
  year={2012},
  organization={Springer}
}

@article{fattahi2018focus,
  title={Focus group: an optimization algorithm inspired by human behavior},
  author={Fattahi, Edris and Bidar, Mahdi and Kanan, Hamidreza Rashidy},
  journal={International Journal of Computational Intelligence and Applications},
  volume={17},
  number={01},
  pages={1850002},
  year={2018},
  publisher={World Scientific}
}





@article{giachetti2009integration,
  title={Integration of domain-specific modelling languages and UML through UML profile extension mechanism.},
  author={Giachetti, Giovanni and Mar{\'\i}n, Beatriz and Pastor, Oscar},
  journal={IJCSA},
  volume={6},
  number={5},
  pages={145--174},
  year={2009}
}

@inproceedings{giachetti2009using,
  title={Using UML as a domain-specific modeling language: a proposal for automatic generation of UML profiles},
  author={Giachetti, Giovanni and Mar{\'\i}n, Beatriz and Pastor, Oscar},
  booktitle={International Conference on Advanced Information Systems Engineering},
  pages={110--124},
  year={2009},
  organization={Springer}
}

@book{evans2014domain,
  title={Domain-Driven Design Reference: Definitions and Pattern Summaries},
  author={Evans, Eric},
  year={2014},
  publisher={Dog Ear Publishing}
}

@article{files2013omg,
  title={Omg unified modeling language tm (omg uml)},
  author={Files, Associated Normative Machine Consumable},
  journal={Object Management Group},
  pages={1--752},
  year={2013}
}

@book{richardson2008restful,
  title={RESTful web services},
  author={Richardson, Leonard and Ruby, Sam},
  year={2008},
  publisher={O'Reilly Media, Inc.}
}

@article{divya2013elasticsearch,
  title={ElasticSearch: An advanced and quick search technique to handle voluminous data},
  author={Divya, Manda Sai and Goyal, Shiv Kumar},
  journal={Compusoft},
  volume={2},
  number={6},
  pages={171},
  year={2013},
  publisher={COMPUSOFT, An International Journal of Advanced Computer Technology}
}

@phdthesis{王君2007基于,
  title={基于 Struts+ Spring+ Hibernate 的企业级 WEB 应用框架的研究},
  author={王君},
  year={2007},
  school={合肥: 合肥工业大学}
}

@book{martin2018clean,
  title={Clean architecture: a craftsman's guide to software structure and design},
  author={Martin, Robert C},
  year={2018},
  publisher={Prentice Hall}
}